@online{devin2024,
  author       = {Raza, Salman},
  title        = {Meet Devin AI: The Next Generation of Software Engineering Powered by Autonomous AI},
  year         = {2024},
  url          = {https://medium.com/predict/meet-devin-ai-the-next-generation-of-software-engineering-powered-by-autonomous-ai-c3b9b6db5358},
  note         = {Accessed: 2025-07-24},
  publisher    = {Medium}
}
@online{vibecoding,
  author       = {Madhukar, Kumar},
  title        = {A Comprehensive Guide to Vibe Coding Tools},
  year         = {2025-03},
  url          = {https://medium.com/madhukarkumar/a-comprehensive-guide-to-vibe-coding-tools-2bd35e2d7b4f},
  note         = {Accessed: 2025-07-24},
  publisher    = {Medium}
}

