@book{sakai2004computer_architecture,
  author    = {修一 坂井},
  title     = {コンピュータアーキテクチャ},
  year      = {2004},
  publisher = {コロナ社},
  series    = {電子情報通信レクチャーシリーズ C-9},
  isbn      = {978-4339018431}
}

@misc{yu2024cambriconllmchipletbasedhybridarchitecture,
      title={Cambricon-LLM: A Chiplet-Based Hybrid Architecture for On-Device Inference of 70B LLM}, 
      author={Zhongkai Yu and Shengwen Liang and Tianyun Ma and Yunke Cai and Ziyuan Nan and Di Huang and Xinkai Song and Yifan Hao and Jie Zhang and Tian Zhi and Yongwei Zhao and Zidong Du and Xing Hu and Qi Guo and Tianshi Chen},
      year={2024},
      eprint={2409.15654},
      archivePrefix={arXiv},
      primaryClass={cs.AR},
      url={https://arxiv.org/abs/2409.15654}, 
}